@ARTICLE{bowman:reasoning,
	AUTHOR = "Mic Bowman and Saumya K. Debray and Larry L. Peterson",
	TITLE = "Reasoning About Naming Systems",
	JOURNAL = "ACM Trans. Program. Lang. Syst.",
	VOLUME = {15},
	NUMBER = {5},
	PAGES = {795-825},
	MONTH = "November",
	YEAR = {1993}	}

@ARTICLE{braams:babel,
	AUTHOR = "Johannes Braams",
	TITLE = "Babel, a Multilingual Style-Option System for Use with LaTeX's Standard Document Styles",
	JOURNAL = {TUGboat},
	VOLUME = {12},
	NUMBER = {2},
	PAGES = {291-301},
	MONTH = "June",
	YEAR = {1991}	}

@INPROCEEDINGS{clark:pct,
	AUTHOR = "Malcolm Clark",
	TITLE = "Post Congress Tristesse",
	BOOKTITLE = "TeX90 Conference Proceedings",
	PAGES = "84-89",
	ORGANIZATION = "TeX Users Group",
	MONTH = "March", 
	YEAR = {1991}	}

@ARTICLE{herlihy:methodology,
	AUTHOR = "Maurice Herlihy",
	TITLE = "A Methodology for Implementing Highly Concurrent
	Data Objects",
	JOURNAL = {ACM Trans. Program. Lang. Syst.},
	VOLUME = {15},
	NUMBER = {5},
	PAGES = {745-770},
	MONTH = "November",
	YEAR = {1993}	}

@BOOK{Lamport:LaTeX,
	AUTHOR = "Leslie Lamport",
	TITLE = "LaTeX User's Guide and Document Reference Manual",
	PUBLISHER = "Addison-Wesley Publishing Company",
	ADDRESS = "Reading, Massachusetts",
	YEAR = "1986"	}

@BOOK{salas:calculus,
	AUTHOR = "S.L. Salas and Einar Hille",
	TITLE = "Calculus: One and Several Variable",
	PUBLISHER = "John Wiley and Sons",
	ADDRESS = "New York",
	YEAR = "1978"	}

@inproceedings{moraru2013consistent,
  title={Consistent, durable, and safe memory management for byte-addressable non volatile main memory},
  author={Moraru, Iulian and Andersen, David G and Kaminsky, Michael and Tolia, Niraj and Ranganathan, Parthasarathy and Binkert, Nathan},
  booktitle={Proceedings of the First ACM SIGOPS Conference on Timely Results in Operating Systems},
  pages={1},
  year={2013},
  organization={ACM}
}

@inproceedings{zhou2009durable,
  title={A durable and energy efficient main memory using phase change memory technology},
  author={Zhou, Ping and Zhao, Bo and Yang, Jun and Zhang, Youtao},
  booktitle={ACM SIGARCH computer architecture news},
  volume={37},
  number={3},
  pages={14--23},
  year={2009},
  organization={ACM}
}

@article{rodriguez2015write,
  title={Write-aware replacement policies for PCM-based systems},
  author={Rodr{\'\i}guez-Rodr{\'\i}guez, R and Castro, F and Chaver, D and Gonzalez-Alberquilla, R and Pi{\~n}uel, L and Tirado, F},
  journal={The Computer Journal},
  volume={58},
  number={9},
  pages={2000--2025},
  year={2015},
  publisher={Br Computer Soc}
}

@inproceedings{rumble2014log,
  title={Log-structured memory for dram-based storage},
  author={Rumble, Stephen M and Kejriwal, Ankita and Ousterhout, John},
  booktitle={Proceedings of the 12th USENIX Conference on File and Storage Technologies (FAST 14)},
  pages={1--16},
  year={2014}
}

@inproceedings{shao2012ptl,
  title={PTL: PCM translation layer},
  author={Shao, Zili and Chang, Naehyuck and Dutt, Nikil},
  booktitle={VLSI (ISVLSI), 2012 IEEE Computer Society Annual Symposium on},
  pages={380--385},
  year={2012},
  organization={IEEE}
}

@inproceedings{dulloor2014system,
  title={System software for persistent memory},
  author={Dulloor, Subramanya R and Kumar, Sanjay and Keshavamurthy, Anil and Lantz, Philip and Reddy, Dheeraj and Sankaran, Rajesh and Jackson, Jeff},
  booktitle={Proceedings of the Ninth European Conference on Computer Systems},
  pages={15},
  year={2014},
  organization={ACM}
}

@inproceedings{luk2005pin,
  title={Pin: building customized program analysis tools with dynamic instrumentation},
  author={Luk, Chi-Keung and Cohn, Robert and Muth, Robert and Patil, Harish and Klauser, Artur and Lowney, Geoff and Wallace, Steven and Reddi, Vijay Janapa and Hazelwood, Kim},
  booktitle={Acm sigplan notices},
  volume={40},
  number={6},
  pages={190--200},
  year={2005},
  organization={ACM}
}

@article{schwalbnvm,
  title={nvm malloc: Memory Allocation for NVRAM},
  author={Schwalb, David and Berning, Tim and Faust, Martin and Dreseler, Markus and Plattner, Hasso}
}

@inproceedings{coburn2011nv,
  title={NV-Heaps: making persistent objects fast and safe with next-generation, non-volatile memories},
  author={Coburn, Joel and Caulfield, Adrian M and Akel, Ameen and Grupp, Laura M and Gupta, Rajesh K and Jhala, Ranjit and Swanson, Steven},
  booktitle={ACM SIGARCH Computer Architecture News},
  volume={39},
  number={1},
  pages={105--118},
  year={2011},
  organization={ACM}
}

@article{satyanarayanan1994lightweight,
  title={Lightweight recoverable virtual memory},
  author={Satyanarayanan, Mahadev and Mashburn, Henry H and Kumar, Puneet and Steere, David C and Kistler, James J},
  journal={ACM Transactions on Computer Systems (TOCS)},
  volume={12},
  number={1},
  pages={33--57},
  year={1994},
  publisher={ACM}
}

@article{volos2011mnemosyne,
  title={Mnemosyne: Lightweight persistent memory},
  author={Volos, Haris and Tack, Andres Jaan and Swift, Michael M},
  journal={ACM SIGPLAN Notices},
  volume={46},
  number={3},
  pages={91--104},
  year={2011},
  publisher={ACM}
}

@inproceedings{greenan2007prims,
  title={PRIMS: Making NVRAM suitable for extremely reliable storage},
  author={Greenan, Kevin M and Miller, Ethan L},
  booktitle={Proceedings of the Third Workshop on Hot Topics in System Dependability (HotDepâ€™07)},
  year={2007}
}

@inproceedings{jiang2012improving,
  title={Improving write operations in MLC phase change memory},
  author={Jiang, Lei and Zhao, Bo and Zhang, Youtao and Yang, Jun and Childers, Bruce R},
  booktitle={High Performance Computer Architecture (HPCA), 2012 IEEE 18th International Symposium on},
  pages={1--10},
  year={2012},
  organization={IEEE}
}

@inproceedings{qureshi2009enhancing,
  title={Enhancing lifetime and security of PCM-based main memory with start-gap wear leveling},
  author={Qureshi, Moinuddin K and Karidis, John and Franceschini, Michele and Srinivasan, Vijayalakshmi and Lastras, Luis and Abali, Bulent},
  booktitle={Proceedings of the 42nd Annual IEEE/ACM International Symposium on Microarchitecture},
  pages={14--23},
  year={2009},
  organization={ACM}
}

@inproceedings{ferreira2010increasing,
  title={Increasing PCM main memory lifetime},
  author={Ferreira, Alexandre P and Zhou, Miao and Bock, Santiago and Childers, Bruce and Melhem, Rami and Moss{\'e}, Daniel},
  booktitle={Proceedings of the conference on design, automation and test in Europe},
  pages={914--919},
  year={2010},
  organization={European Design and Automation Association}
}

@inproceedings{hu2013software,
  title={Software enabled wear-leveling for hybrid PCM main memory on embedded systems},
  author={Hu, Jingtong and Zhuge, Qingfeng and Xue, Chun Jason and Tseng, Wei-Che and Sha, Edwin H-M},
  booktitle={Design, Automation \& Test in Europe Conference \& Exhibition (DATE), 2013},
  pages={599--602},
  year={2013},
  organization={IEEE}
}

@misc{ghemawat2009tcmalloc,
  title={Tcmalloc: Thread-caching malloc},
  author={Ghemawat, Sanjay and Menage, Paul},
  year={2009}
}

@inproceedings{liu2012ssmalloc,
  title={SSMalloc: a low-latency, locality-conscious memory allocator with stable performance scalability},
  author={Liu, Ran and Chen, Haibo},
  booktitle={Proceedings of the Asia-Pacific Workshop on Systems},
  pages={15},
  year={2012},
  organization={ACM}
}
