@ARTICLE{bowman:reasoning,
	AUTHOR = "Mic Bowman and Saumya K. Debray and Larry L. Peterson",
	TITLE = "Reasoning About Naming Systems",
	JOURNAL = "ACM Trans. Program. Lang. Syst.",
	VOLUME = {15},
	NUMBER = {5},
	PAGES = {795-825},
	MONTH = "November",
	YEAR = {1993}	}

@ARTICLE{braams:babel,
	AUTHOR = "Johannes Braams",
	TITLE = "Babel, a Multilingual Style-Option System for Use with LaTeX's Standard Document Styles",
	JOURNAL = {TUGboat},
	VOLUME = {12},
	NUMBER = {2},
	PAGES = {291-301},
	MONTH = "June",
	YEAR = {1991}	}

@INPROCEEDINGS{clark:pct,
	AUTHOR = "Malcolm Clark",
	TITLE = "Post Congress Tristesse",
	BOOKTITLE = "TeX90 Conference Proceedings",
	PAGES = "84-89",
	ORGANIZATION = "TeX Users Group",
	MONTH = "March", 
	YEAR = {1991}	}

@ARTICLE{herlihy:methodology,
	AUTHOR = "Maurice Herlihy",
	TITLE = "A Methodology for Implementing Highly Concurrent
	Data Objects",
	JOURNAL = {ACM Trans. Program. Lang. Syst.},
	VOLUME = {15},
	NUMBER = {5},
	PAGES = {745-770},
	MONTH = "November",
	YEAR = {1993}	}

@BOOK{Lamport:LaTeX,
	AUTHOR = "Leslie Lamport",
	TITLE = "LaTeX User's Guide and Document Reference Manual",
	PUBLISHER = "Addison-Wesley Publishing Company",
	ADDRESS = "Reading, Massachusetts",
	YEAR = "1986"	}

@BOOK{salas:calculus,
	AUTHOR = "S.L. Salas and Einar Hille",
	TITLE = "Calculus: One and Several Variable",
	PUBLISHER = "John Wiley and Sons",
	ADDRESS = "New York",
	YEAR = "1978"	}

@inproceedings{moraru2013consistent,
  title={Consistent, durable, and safe memory management for byte-addressable non volatile main memory},
  author={Moraru, Iulian and Andersen, David G and Kaminsky, Michael and Tolia, Niraj and Ranganathan, Parthasarathy and Binkert, Nathan},
  booktitle={Proceedings of the First ACM SIGOPS Conference on Timely Results in Operating Systems},
  pages={1},
  year={2013},
  organization={ACM}
}

@inproceedings{zhou2009durable,
  title={A durable and energy efficient main memory using phase change memory technology},
  author={Zhou, Ping and Zhao, Bo and Yang, Jun and Zhang, Youtao},
  booktitle={ACM SIGARCH computer architecture news},
  volume={37},
  number={3},
  pages={14--23},
  year={2009},
  organization={ACM}
}

@article{rodriguez2015write,
  title={Write-aware replacement policies for PCM-based systems},
  author={Rodr{\'\i}guez-Rodr{\'\i}guez, R and Castro, F and Chaver, D and Gonzalez-Alberquilla, R and Pi{\~n}uel, L and Tirado, F},
  journal={The Computer Journal},
  volume={58},
  number={9},
  pages={2000--2025},
  year={2015},
  publisher={Br Computer Soc}
}

@inproceedings{rumble2014log,
  title={Log-structured memory for dram-based storage},
  author={Rumble, Stephen M and Kejriwal, Ankita and Ousterhout, John},
  booktitle={Proceedings of the 12th USENIX Conference on File and Storage Technologies (FAST 14)},
  pages={1--16},
  year={2014}
}

@inproceedings{shao2012ptl,
  title={PTL: PCM translation layer},
  author={Shao, Zili and Chang, Naehyuck and Dutt, Nikil},
  booktitle={VLSI (ISVLSI), 2012 IEEE Computer Society Annual Symposium on},
  pages={380--385},
  year={2012},
  organization={IEEE}
}
